<?xml version="1.0" encoding="UTF-8"?>
<marc:collection xmlns:marc="http://www.loc.gov/MARC21/slim" xmlns:xsi="http://www.w3.org/2001/XMLSchema-instance" xsi:schemaLocation="http://www.loc.gov/MARC21/slim http://www.loc.gov/standards/marcxml/schema/MARC21slim.xsd">
   <marc:record type="Bibliographic">
      <marc:leader>01545cam a22003971a 4500</marc:leader>
      <marc:controlfield tag="001">2844529</marc:controlfield>
      <marc:controlfield tag="003">NjP</marc:controlfield>
      <marc:controlfield tag="005">20100811085004.0</marc:controlfield>
      <marc:controlfield tag="008">990824s1962    iq       b    000 0 ara c</marc:controlfield>
      <marc:datafield tag="024" ind1="7" ind2=" ">
         <marc:subfield code="a">princeton_aco000395</marc:subfield>
         <marc:subfield code="2">local</marc:subfield>
      </marc:datafield>
      <marc:datafield tag="010" ind1=" " ind2=" ">
         <marc:subfield code="a">   68000521 </marc:subfield>
      </marc:datafield>
      <marc:datafield tag="035" ind1=" " ind2=" ">
         <marc:subfield code="a">(OCoLC)ocn178212953</marc:subfield>
      </marc:datafield>
      <marc:datafield tag="035" ind1=" " ind2=" ">
         <marc:subfield code="a">(OCoLC)178212953</marc:subfield>
      </marc:datafield>
      <marc:datafield tag="035" ind1=" " ind2=" ">
         <marc:subfield code="9">CNS8997TS</marc:subfield>
      </marc:datafield>
      <marc:datafield tag="035" ind1=" " ind2=" ">
         <marc:subfield code="a">(NjP)2844529</marc:subfield>
      </marc:datafield>
      <marc:datafield tag="040" ind1=" " ind2=" ">
         <marc:subfield code="a">NjP</marc:subfield>
         <marc:subfield code="c">PUL</marc:subfield>
         <marc:subfield code="d">PUL</marc:subfield>
      </marc:datafield>
      <marc:datafield tag="049" ind1=" " ind2=" ">
         <marc:subfield code="a">PULL</marc:subfield>
      </marc:datafield>
      <marc:datafield tag="079" ind1=" " ind2=" ">
         <marc:subfield code="a">ocm81868860</marc:subfield>
      </marc:datafield>
      <marc:datafield tag="100" ind1="1" ind2=" ">
         <marc:subfield code="6">880-01</marc:subfield>
         <marc:subfield code="a">Qaṭīfī, Aḥmad ʻAbd Allāh al-ʻUwá,</marc:subfield>
         <marc:subfield code="d">1923-</marc:subfield>
      </marc:datafield>
      <marc:datafield tag="245" ind1="1" ind2="0">
         <marc:subfield code="6">880-02</marc:subfield>
         <marc:subfield code="a">Dīwān muḥarrik al-ashjān /</marc:subfield>
         <marc:subfield code="c">Aḥmad ʻAbd Allāh al-ʻUwá al-Qaṭīfī.</marc:subfield>
      </marc:datafield>
      <marc:datafield tag="246" ind1="1" ind2="8">
         <marc:subfield code="6">880-03</marc:subfield>
         <marc:subfield code="a">Muḥarrik al-ashjān</marc:subfield>
      </marc:datafield>
      <marc:datafield tag="246" ind1="1" ind2="4">
         <marc:subfield code="6">880-04</marc:subfield>
         <marc:subfield code="a">Muḥarrik al-ashjān fī rithāʼ umanāʼ al-raḥmān</marc:subfield>
      </marc:datafield>
      <marc:datafield tag="250" ind1=" " ind2=" ">
         <marc:subfield code="6">880-05</marc:subfield>
         <marc:subfield code="a">al-Ṭabʻah 2.</marc:subfield>
      </marc:datafield>
      <marc:datafield tag="260" ind1=" " ind2=" ">
         <marc:subfield code="6">880-06</marc:subfield>
         <marc:subfield code="a">Najaf :</marc:subfield>
         <marc:subfield code="b">al-Maṭbaʻah al-Ḥaydarīyah,</marc:subfield>
         <marc:subfield code="c">1962.</marc:subfield>
      </marc:datafield>
      <marc:datafield tag="300" ind1=" " ind2=" ">
         <marc:subfield code="a">196 p. ;</marc:subfield>
         <marc:subfield code="c">21 cm.</marc:subfield>
      </marc:datafield>
      <marc:datafield tag="500" ind1=" " ind2=" ">
         <marc:subfield code="a">Poems.</marc:subfield>
      </marc:datafield>
      <marc:datafield tag="504" ind1=" " ind2=" ">
         <marc:subfield code="a">Includes bibliographical references.</marc:subfield>
      </marc:datafield>
      <marc:datafield tag="880" ind1="1" ind2=" ">
         <marc:subfield code="6">100-01/r</marc:subfield>
         <marc:subfield code="a">قطيفي، احمد عبد الله العوى،</marc:subfield>
         <marc:subfield code="d">1923-</marc:subfield>
      </marc:datafield>
      <marc:datafield tag="880" ind1="1" ind2="0">
         <marc:subfield code="6">245-02/r</marc:subfield>
         <marc:subfield code="a">ديوان محرك الاشجان /</marc:subfield>
         <marc:subfield code="c">احمد عبد الله العوى القطيفي.</marc:subfield>
      </marc:datafield>
      <marc:datafield tag="880" ind1="1" ind2="8">
         <marc:subfield code="6">246-03/r</marc:subfield>
         <marc:subfield code="a">محرك الاشجان</marc:subfield>
      </marc:datafield>
      <marc:datafield tag="880" ind1="1" ind2="4">
         <marc:subfield code="6">246-04/r</marc:subfield>
         <marc:subfield code="a">محرك الاشجان في رثاء امناء الرحمن</marc:subfield>
      </marc:datafield>
      <marc:datafield tag="880" ind1=" " ind2=" ">
         <marc:subfield code="6">250-05/r</marc:subfield>
         <marc:subfield code="a">الطبعة 2.</marc:subfield>
      </marc:datafield>
      <marc:datafield tag="880" ind1=" " ind2=" ">
         <marc:subfield code="6">260-06/r</marc:subfield>
         <marc:subfield code="a">نجف :</marc:subfield>
         <marc:subfield code="b">المطبعة الحيدرية،</marc:subfield>
         <marc:subfield code="c">1962.</marc:subfield>
      </marc:datafield>
      <marc:datafield tag="852" ind1="0" ind2=" ">
         <marc:subfield code="b">nec</marc:subfield>
         <marc:subfield code="h">PJ7858.U75</marc:subfield>
         <marc:subfield code="i">D58 1962</marc:subfield>
         <marc:subfield code="p">3157439</marc:subfield>
         <marc:subfield code="x">reclassed from: 2267.072.366 1962</marc:subfield>
      </marc:datafield>
      <marc:datafield tag="948" ind1=" " ind2=" ">
         <marc:subfield code="a">jab/con</marc:subfield>
      </marc:datafield>
      <marc:datafield tag="911" ind1=" " ind2=" ">
         <marc:subfield code="a">20000313</marc:subfield>
      </marc:datafield>
      <marc:datafield tag="994" ind1=" " ind2=" ">
         <marc:subfield code="a">C0</marc:subfield>
         <marc:subfield code="b">PUL</marc:subfield>
      </marc:datafield>
      <marc:datafield tag="999" ind1=" " ind2=" ">
         <marc:subfield code="a">2844529</marc:subfield>
      </marc:datafield>
   </marc:record>
</marc:collection>
